@mis{wiki:solarNu,
   title={Solar neutrino},
   url={https://en.wikipedia.org/wiki/Solar_neutrino},
}

@article{Beuthe_2003,
   title={Oscillations of neutrinos and mesons in quantum field theory},
   volume={375},
   ISSN={0370-1573},
   url={http://dx.doi.org/10.1016/S0370-1573(02)00538-0},
   DOI={10.1016/s0370-1573(02)00538-0},
   number={2-3},
   journal={Physics Reports},
   publisher={Elsevier BV},
   author={Beuthe, Mikael},
   year={2003},
   month={Feb},
   pages={105–218}
}

@article{Esteban_2019,
   title={Global analysis of three-flavour neutrino oscillations: synergies and tensions in the determination of θ23, δCP, and the mass ordering},
   volume={2019},
   ISSN={1029-8479},
   url={http://dx.doi.org/10.1007/JHEP01(2019)106},
   DOI={10.1007/jhep01(2019)106},
   number={1},
   journal={Journal of High Energy Physics},
   publisher={Springer Science and Business Media LLC},
   author={Esteban, Ivan and Gonzalez-Garcia, M. C. and Hernandez-Cabezudo, Alvaro and Maltoni, Michele and Schwetz, Thomas},
   year={2019},
   month={Jan}
}

@misc{drees_id,
   url={http://www.th.physik.uni-bonn.de/th/Groups/drees/ident.pdf},
   title={List of identities},
}

@book{drees_godbole_roy_2008, 
   place={Singapore}, 
   title={Theory and phenomenology of sparticles: an account of four-dimensional N=1 supersymmetry in high energy physics}, 
   publisher={World Scientific}, 
   author={Drees, Manuel and Godbole, Rohini and Roy, Probir}, 
   year={2008}
}
@article{Witten:1982df,
    author = "Witten, Edward",
    title = "{Constraints on Supersymmetry Breaking}",
    reportNumber = "PRINT-82-0163 (PRINCETON)",
    doi = "10.1016/0550-3213(82)90071-2",
    journal = "Nucl. Phys. B",
    volume = "202",
    pages = "253",
    year = "1982"
}
